%YAML 1.1
%TAG !u! tag:unity3d.com,2011:
--- !u!1 &8895363022448465078
GameObject:
  m_ObjectHideFlags: 0
  m_CorrespondingSourceObject: {fileID: 0}
  m_PrefabInstance: {fileID: 0}
  m_PrefabAsset: {fileID: 0}
  serializedVersion: 6
  m_Component:
  - component: {fileID: 5583300668649445634}
  m_Layer: 0
  m_Name: BaseGunMuzzle (1)
  m_TagString: Untagged
  m_Icon: {fileID: 0}
  m_NavMeshLayer: 0
  m_StaticEditorFlags: 0
  m_IsActive: 1
--- !u!224 &5583300668649445634
RectTransform:
  m_ObjectHideFlags: 0
  m_CorrespondingSourceObject: {fileID: 0}
  m_PrefabInstance: {fileID: 0}
  m_PrefabAsset: {fileID: 0}
  m_GameObject: {fileID: 8895363022448465078}
  m_LocalRotation: {x: 0, y: 0, z: 0, w: 1}
  m_LocalPosition: {x: 0, y: 0, z: 0}
  m_LocalScale: {x: 1, y: 1, z: 1}
  m_Children: []
  m_Father: {fileID: 9106410783124692402}
  m_RootOrder: 4
  m_LocalEulerAnglesHint: {x: 0, y: 0, z: 0}
  m_AnchorMin: {x: 0.5, y: 1}
  m_AnchorMax: {x: 0.5, y: 1}
  m_AnchoredPosition: {x: -0.513, y: -0.222}
  m_SizeDelta: {x: 0.1430459, y: 0.2069391}
  m_Pivot: {x: 0.5, y: 0.5}
--- !u!1 &9106410783124692403
GameObject:
  m_ObjectHideFlags: 0
  m_CorrespondingSourceObject: {fileID: 0}
  m_PrefabInstance: {fileID: 0}
  m_PrefabAsset: {fileID: 0}
  serializedVersion: 6
  m_Component:
  - component: {fileID: 9106410783124692402}
  - component: {fileID: 2787996414684377818}
  - component: {fileID: 2300905614937365266}
  - component: {fileID: 6965598796047353317}
  m_Layer: 0
  m_Name: Scorpion
  m_TagString: Enemy
  m_Icon: {fileID: 0}
  m_NavMeshLayer: 0
  m_StaticEditorFlags: 0
  m_IsActive: 1
--- !u!224 &9106410783124692402
RectTransform:
  m_ObjectHideFlags: 0
  m_CorrespondingSourceObject: {fileID: 0}
  m_PrefabInstance: {fileID: 0}
  m_PrefabAsset: {fileID: 0}
  m_GameObject: {fileID: 9106410783124692403}
  m_LocalRotation: {x: 0, y: 0, z: 1, w: 0}
  m_LocalPosition: {x: 0, y: 0, z: 0}
  m_LocalScale: {x: 0.66283655, y: 0.45322156, z: 0.45322156}
  m_Children:
  - {fileID: 9106410783353981529}
  - {fileID: 9106410785093121624}
  - {fileID: 8683298049893480356}
  - {fileID: 5638613388212456964}
  - {fileID: 5583300668649445634}
  m_Father: {fileID: 0}
  m_RootOrder: 0
  m_LocalEulerAnglesHint: {x: 0, y: 0, z: 180}
  m_AnchorMin: {x: 0.5, y: 0.5}
  m_AnchorMax: {x: 0.5, y: 0.5}
  m_AnchoredPosition: {x: 0.067, y: -3.4364}
  m_SizeDelta: {x: 1.2104242, y: 1.9902514}
  m_Pivot: {x: 0.5, y: 0.5}
--- !u!114 &2787996414684377818
MonoBehaviour:
  m_ObjectHideFlags: 0
  m_CorrespondingSourceObject: {fileID: 0}
  m_PrefabInstance: {fileID: 0}
  m_PrefabAsset: {fileID: 0}
  m_GameObject: {fileID: 9106410783124692403}
  m_Enabled: 1
  m_EditorHideFlags: 0
  m_Script: {fileID: 11500000, guid: 347eb4acc9e94f298b1da6ff503c0bb3, type: 3}
  m_Name: 
  m_EditorClassIdentifier: 
  enemyType: 1
  healthStat:
    health: 20
    maxHealth: 20
  scorePoints: 80
  canShoot: 1
  projectileMuzzles:
  - {fileID: 9106410785093121624}
  - {fileID: 5583300668649445634}
  projectile: {fileID: 7129989939765694316, guid: f284b1eaa5dbc924b933a51b8924bf63,
    type: 3}
  attackSpeed: 1
--- !u!61 &2300905614937365266
BoxCollider2D:
  m_ObjectHideFlags: 0
  m_CorrespondingSourceObject: {fileID: 0}
  m_PrefabInstance: {fileID: 0}
  m_PrefabAsset: {fileID: 0}
  m_GameObject: {fileID: 9106410783124692403}
  m_Enabled: 1
  m_Density: 1
  m_Material: {fileID: 0}
  m_IsTrigger: 1
  m_UsedByEffector: 0
  m_UsedByComposite: 0
  m_Offset: {x: 0, y: -0.000006198883}
  m_SpriteTilingProperty:
    border: {x: 0, y: 0, z: 0, w: 0}
    pivot: {x: 0, y: 0}
    oldSize: {x: 0, y: 0}
    newSize: {x: 0, y: 0}
    adaptiveTilingThreshold: 0
    drawMode: 0
    adaptiveTiling: 0
  m_AutoTiling: 0
  serializedVersion: 2
  m_Size: {x: 1.2899941, y: 1.783255}
  m_EdgeRadius: 0
--- !u!50 &6965598796047353317
Rigidbody2D:
  serializedVersion: 4
  m_ObjectHideFlags: 0
  m_CorrespondingSourceObject: {fileID: 0}
  m_PrefabInstance: {fileID: 0}
  m_PrefabAsset: {fileID: 0}
  m_GameObject: {fileID: 9106410783124692403}
  m_BodyType: 0
  m_Simulated: 1
  m_UseFullKinematicContacts: 0
  m_UseAutoMass: 0
  m_Mass: 1
  m_LinearDrag: 0
  m_AngularDrag: 0
  m_GravityScale: 0
  m_Material: {fileID: 0}
  m_Interpolate: 0
  m_SleepingMode: 1
  m_CollisionDetection: 0
  m_Constraints: 0
--- !u!1 &9106410783353981510
GameObject:
  m_ObjectHideFlags: 0
  m_CorrespondingSourceObject: {fileID: 0}
  m_PrefabInstance: {fileID: 0}
  m_PrefabAsset: {fileID: 0}
  serializedVersion: 6
  m_Component:
  - component: {fileID: 9106410783353981529}
  - component: {fileID: 9106410783353981531}
  - component: {fileID: 8483725583431605737}
  m_Layer: 5
  m_Name: Image
  m_TagString: Untagged
  m_Icon: {fileID: 0}
  m_NavMeshLayer: 0
  m_StaticEditorFlags: 0
  m_IsActive: 1
--- !u!224 &9106410783353981529
RectTransform:
  m_ObjectHideFlags: 0
  m_CorrespondingSourceObject: {fileID: 0}
  m_PrefabInstance: {fileID: 0}
  m_PrefabAsset: {fileID: 0}
  m_GameObject: {fileID: 9106410783353981510}
  m_LocalRotation: {x: -0, y: -0, z: -0, w: 1}
  m_LocalPosition: {x: 0, y: 0, z: 0}
  m_LocalScale: {x: 0.49025002, y: 0.76, z: 0.0055803577}
  m_Children: []
  m_Father: {fileID: 9106410783124692402}
  m_RootOrder: 0
  m_LocalEulerAnglesHint: {x: 0, y: 0, z: 0}
  m_AnchorMin: {x: 0.5, y: 0.5}
  m_AnchorMax: {x: 0.5, y: 0.5}
  m_AnchoredPosition: {x: 0, y: 0}
  m_SizeDelta: {x: 357.28583, y: 194.75943}
  m_Pivot: {x: 0.5, y: 0.5}
--- !u!222 &9106410783353981531
CanvasRenderer:
  m_ObjectHideFlags: 0
  m_CorrespondingSourceObject: {fileID: 0}
  m_PrefabInstance: {fileID: 0}
  m_PrefabAsset: {fileID: 0}
  m_GameObject: {fileID: 9106410783353981510}
  m_CullTransparentMesh: 0
--- !u!212 &8483725583431605737
SpriteRenderer:
  m_ObjectHideFlags: 0
  m_CorrespondingSourceObject: {fileID: 0}
  m_PrefabInstance: {fileID: 0}
  m_PrefabAsset: {fileID: 0}
  m_GameObject: {fileID: 9106410783353981510}
  m_Enabled: 1
  m_CastShadows: 0
  m_ReceiveShadows: 0
  m_DynamicOccludee: 1
  m_MotionVectors: 1
  m_LightProbeUsage: 1
  m_ReflectionProbeUsage: 1
  m_RayTracingMode: 0
  m_RenderingLayerMask: 1
  m_RendererPriority: 0
  m_Materials:
  - {fileID: 10754, guid: 0000000000000000f000000000000000, type: 0}
  m_StaticBatchInfo:
    firstSubMesh: 0
    subMeshCount: 0
  m_StaticBatchRoot: {fileID: 0}
  m_ProbeAnchor: {fileID: 0}
  m_LightProbeVolumeOverride: {fileID: 0}
  m_ScaleInLightmap: 1
  m_ReceiveGI: 1
  m_PreserveUVs: 0
  m_IgnoreNormalsForChartDetection: 0
  m_ImportantGI: 0
  m_StitchLightmapSeams: 1
  m_SelectedEditorRenderState: 0
  m_MinimumChartSize: 4
  m_AutoUVMaxDistance: 0.5
  m_AutoUVMaxAngle: 89
  m_LightmapParameters: {fileID: 0}
  m_SortingLayerID: 0
  m_SortingLayer: 0
  m_SortingOrder: 0
  m_Sprite: {fileID: 21300000, guid: 84b02e4ffc99fbc43851bfa7fc5c5936, type: 3}
  m_Color: {r: 1, g: 1, b: 1, a: 1}
  m_FlipX: 0
  m_FlipY: 0
  m_DrawMode: 0
  m_Size: {x: 2.6, y: 2.26}
  m_AdaptiveModeThreshold: 0.5
  m_SpriteTileMode: 0
  m_WasSpriteAssigned: 1
  m_MaskInteraction: 0
  m_SpriteSortPoint: 0
--- !u!1 &9106410785093121625
GameObject:
  m_ObjectHideFlags: 0
  m_CorrespondingSourceObject: {fileID: 0}
  m_PrefabInstance: {fileID: 0}
  m_PrefabAsset: {fileID: 0}
  serializedVersion: 6
  m_Component:
  - component: {fileID: 9106410785093121624}
  m_Layer: 0
  m_Name: BaseGunMuzzle
  m_TagString: Untagged
  m_Icon: {fileID: 0}
  m_NavMeshLayer: 0
  m_StaticEditorFlags: 0
  m_IsActive: 1
--- !u!224 &9106410785093121624
RectTransform:
  m_ObjectHideFlags: 0
  m_CorrespondingSourceObject: {fileID: 0}
  m_PrefabInstance: {fileID: 0}
  m_PrefabAsset: {fileID: 0}
  m_GameObject: {fileID: 9106410785093121625}
  m_LocalRotation: {x: 0, y: 0, z: 0, w: 1}
  m_LocalPosition: {x: 0, y: 0, z: 0}
  m_LocalScale: {x: 1, y: 1, z: 1}
  m_Children: []
  m_Father: {fileID: 9106410783124692402}
  m_RootOrder: 1
  m_LocalEulerAnglesHint: {x: 0, y: 0, z: 0}
  m_AnchorMin: {x: 0.5, y: 1}
  m_AnchorMax: {x: 0.5, y: 1}
  m_AnchoredPosition: {x: 0.505, y: -0.222}
  m_SizeDelta: {x: 0.1430459, y: 0.2069391}
  m_Pivot: {x: 0.5, y: 0.5}
--- !u!1001 &331042938197317119
PrefabInstance:
  m_ObjectHideFlags: 0
  serializedVersion: 2
  m_Modification:
    m_TransformParent: {fileID: 9106410783124692402}
    m_Modifications:
    - target: {fileID: 5393193371857242075, guid: accebe4a2960bfa4dbb045ca74b69967,
        type: 3}
      propertyPath: m_Name
      value: Engine (1)
      objectReference: {fileID: 0}
    - target: {fileID: 5393193371857411067, guid: accebe4a2960bfa4dbb045ca74b69967,
        type: 3}
      propertyPath: m_LocalPosition.x
      value: -0.514
      objectReference: {fileID: 0}
    - target: {fileID: 5393193371857411067, guid: accebe4a2960bfa4dbb045ca74b69967,
        type: 3}
      propertyPath: m_LocalPosition.y
      value: -0.462
      objectReference: {fileID: 0}
    - target: {fileID: 5393193371857411067, guid: accebe4a2960bfa4dbb045ca74b69967,
        type: 3}
      propertyPath: m_LocalPosition.z
      value: -0
      objectReference: {fileID: 0}
    - target: {fileID: 5393193371857411067, guid: accebe4a2960bfa4dbb045ca74b69967,
        type: 3}
      propertyPath: m_LocalRotation.x
      value: -0.70710677
      objectReference: {fileID: 0}
    - target: {fileID: 5393193371857411067, guid: accebe4a2960bfa4dbb045ca74b69967,
        type: 3}
      propertyPath: m_LocalRotation.y
      value: 0.00000014786406
      objectReference: {fileID: 0}
    - target: {fileID: 5393193371857411067, guid: accebe4a2960bfa4dbb045ca74b69967,
        type: 3}
      propertyPath: m_LocalRotation.z
      value: 0.00000014637922
      objectReference: {fileID: 0}
    - target: {fileID: 5393193371857411067, guid: accebe4a2960bfa4dbb045ca74b69967,
        type: 3}
      propertyPath: m_LocalRotation.w
      value: -0.7071068
      objectReference: {fileID: 0}
    - target: {fileID: 5393193371857411067, guid: accebe4a2960bfa4dbb045ca74b69967,
        type: 3}
      propertyPath: m_RootOrder
      value: 3
      objectReference: {fileID: 0}
    - target: {fileID: 5393193371857411067, guid: accebe4a2960bfa4dbb045ca74b69967,
        type: 3}
      propertyPath: m_LocalEulerAnglesHint.x
      value: 90
      objectReference: {fileID: 0}
    - target: {fileID: 5393193371857411067, guid: accebe4a2960bfa4dbb045ca74b69967,
        type: 3}
      propertyPath: m_LocalEulerAnglesHint.y
      value: 180
      objectReference: {fileID: 0}
    - target: {fileID: 5393193371857411067, guid: accebe4a2960bfa4dbb045ca74b69967,
        type: 3}
      propertyPath: m_LocalEulerAnglesHint.z
      value: -180
      objectReference: {fileID: 0}
    - target: {fileID: 5393193371857411067, guid: accebe4a2960bfa4dbb045ca74b69967,
        type: 3}
      propertyPath: m_LocalScale.x
      value: 1.5086671
      objectReference: {fileID: 0}
    - target: {fileID: 5393193371857411067, guid: accebe4a2960bfa4dbb045ca74b69967,
        type: 3}
      propertyPath: m_LocalScale.y
      value: 2.2064264
      objectReference: {fileID: 0}
    - target: {fileID: 5393193371857411067, guid: accebe4a2960bfa4dbb045ca74b69967,
        type: 3}
      propertyPath: m_LocalScale.z
      value: 2.2064264
      objectReference: {fileID: 0}
    m_RemovedComponents: []
  m_SourcePrefab: {fileID: 100100000, guid: accebe4a2960bfa4dbb045ca74b69967, type: 3}
--- !u!4 &5638613388212456964 stripped
Transform:
  m_CorrespondingSourceObject: {fileID: 5393193371857411067, guid: accebe4a2960bfa4dbb045ca74b69967,
    type: 3}
  m_PrefabInstance: {fileID: 331042938197317119}
  m_PrefabAsset: {fileID: 0}
--- !u!1001 &3627998448226364511
PrefabInstance:
  m_ObjectHideFlags: 0
  serializedVersion: 2
  m_Modification:
    m_TransformParent: {fileID: 9106410783124692402}
    m_Modifications:
    - target: {fileID: 5393193371857242075, guid: accebe4a2960bfa4dbb045ca74b69967,
        type: 3}
      propertyPath: m_Name
      value: Engine
      objectReference: {fileID: 0}
    - target: {fileID: 5393193371857411067, guid: accebe4a2960bfa4dbb045ca74b69967,
        type: 3}
      propertyPath: m_LocalPosition.x
      value: 0.495
      objectReference: {fileID: 0}
    - target: {fileID: 5393193371857411067, guid: accebe4a2960bfa4dbb045ca74b69967,
        type: 3}
      propertyPath: m_LocalPosition.y
      value: -0.462
      objectReference: {fileID: 0}
    - target: {fileID: 5393193371857411067, guid: accebe4a2960bfa4dbb045ca74b69967,
        type: 3}
      propertyPath: m_LocalPosition.z
      value: -0
      objectReference: {fileID: 0}
    - target: {fileID: 5393193371857411067, guid: accebe4a2960bfa4dbb045ca74b69967,
        type: 3}
      propertyPath: m_LocalRotation.x
      value: -0.70710677
      objectReference: {fileID: 0}
    - target: {fileID: 5393193371857411067, guid: accebe4a2960bfa4dbb045ca74b69967,
        type: 3}
      propertyPath: m_LocalRotation.y
      value: 0.00000014786406
      objectReference: {fileID: 0}
    - target: {fileID: 5393193371857411067, guid: accebe4a2960bfa4dbb045ca74b69967,
        type: 3}
      propertyPath: m_LocalRotation.z
      value: 0.00000014637922
      objectReference: {fileID: 0}
    - target: {fileID: 5393193371857411067, guid: accebe4a2960bfa4dbb045ca74b69967,
        type: 3}
      propertyPath: m_LocalRotation.w
      value: -0.7071068
      objectReference: {fileID: 0}
    - target: {fileID: 5393193371857411067, guid: accebe4a2960bfa4dbb045ca74b69967,
        type: 3}
      propertyPath: m_RootOrder
      value: 2
      objectReference: {fileID: 0}
    - target: {fileID: 5393193371857411067, guid: accebe4a2960bfa4dbb045ca74b69967,
        type: 3}
      propertyPath: m_LocalEulerAnglesHint.x
      value: 90
      objectReference: {fileID: 0}
    - target: {fileID: 5393193371857411067, guid: accebe4a2960bfa4dbb045ca74b69967,
        type: 3}
      propertyPath: m_LocalEulerAnglesHint.y
      value: 180
      objectReference: {fileID: 0}
    - target: {fileID: 5393193371857411067, guid: accebe4a2960bfa4dbb045ca74b69967,
        type: 3}
      propertyPath: m_LocalEulerAnglesHint.z
      value: -180
      objectReference: {fileID: 0}
    - target: {fileID: 5393193371857411067, guid: accebe4a2960bfa4dbb045ca74b69967,
        type: 3}
      propertyPath: m_LocalScale.x
      value: 1.5086671
      objectReference: {fileID: 0}
    - target: {fileID: 5393193371857411067, guid: accebe4a2960bfa4dbb045ca74b69967,
        type: 3}
      propertyPath: m_LocalScale.y
      value: 2.2064264
      objectReference: {fileID: 0}
    - target: {fileID: 5393193371857411067, guid: accebe4a2960bfa4dbb045ca74b69967,
        type: 3}
      propertyPath: m_LocalScale.z
      value: 2.2064264
      objectReference: {fileID: 0}
    m_RemovedComponents: []
  m_SourcePrefab: {fileID: 100100000, guid: accebe4a2960bfa4dbb045ca74b69967, type: 3}
--- !u!4 &8683298049893480356 stripped
Transform:
  m_CorrespondingSourceObject: {fileID: 5393193371857411067, guid: accebe4a2960bfa4dbb045ca74b69967,
    type: 3}
  m_PrefabInstance: {fileID: 3627998448226364511}
  m_PrefabAsset: {fileID: 0}
